@inproceedings{philly,
  title={Analysis of large-scale multi-tenant \$\{\$GPU\$\}\$ clusters for \$\{\$DNN\$\}\$ training workloads},
  author={Jeon, Myeongjae and Venkataraman, Shivaram and Phanishayee, Amar and Qian, Junjie and Xiao, Wencong and Yang, Fan},
  booktitle={2019 \$\{\$USENIX\$\}\$ Annual Technical Conference (\$\{\$USENIX\$\}\$\$\{\$ATC\$\}\$ 19)},
  pages={947--960},
  year={2019}
}
